<record><leader>00000cas a2200000 a 4500</leader><controlfield tag="001">12715694</controlfield><controlfield tag="008">851024d1985199uiluwn ne      0   a0eng c</controlfield><datafield ind1=" " ind2=" " tag="010"><subfield code="a">sn 85005330 </subfield></datafield><datafield ind1=" " ind2=" " tag="040"><subfield code="a">NSD</subfield><subfield code="b">eng</subfield><subfield code="c">NSD</subfield><subfield code="d">CVF</subfield><subfield code="d">OCLCQ</subfield><subfield code="d">OCLCF</subfield><subfield code="d">NVF</subfield><subfield code="d">OCLCO</subfield></datafield><datafield ind1=" " ind2=" " tag="012"><subfield code="j">0</subfield><subfield code="k">1</subfield><subfield code="m">d</subfield></datafield><datafield ind1="1" ind2=" " tag="022"><subfield code="a">0885-7814</subfield><subfield code="l">0885-7814</subfield><subfield code="y">0193-3256</subfield><subfield code="2">1</subfield></datafield><datafield ind1="1" ind2=" " tag="029"><subfield code="a">AU@</subfield><subfield code="b">000022770265</subfield></datafield><datafield ind1=" " ind2=" " tag="037"><subfield code="b">Pioneer Press, 1232 Central Ave., Wilmette, IL 60091</subfield></datafield><datafield ind1=" " ind2=" " tag="042"><subfield code="a">nsdp</subfield><subfield code="a">pcc</subfield></datafield><datafield ind1=" " ind2=" " tag="043"><subfield code="a">n-us-il</subfield></datafield><datafield ind1=" " ind2="0" tag="222"><subfield code="a">Norridge news</subfield></datafield><datafield ind1="0" ind2="0" tag="245"><subfield code="a">Norridge news.</subfield></datafield><datafield ind1=" " ind2=" " tag="260"><subfield code="a">Wilmette, Ill. :</subfield><subfield code="b">Pioneer Press,</subfield><subfield code="c">1985-[199-?]</subfield></datafield><datafield ind1=" " ind2=" " tag="310"><subfield code="a">Weekly (except semiweekly in Mar., June, and Sept.),</subfield><subfield code="b">May 11, 1989-&lt;&gt;</subfield></datafield><datafield ind1=" " ind2=" " tag="321"><subfield code="a">Weekly,</subfield><subfield code="b">Sept. 18/19, 1985-May 3/4, 1989</subfield></datafield><datafield ind1="0" ind2=" " tag="362"><subfield code="a">Vol. 1, no. 1 (Sept. 18/19, 1985)-</subfield></datafield><datafield ind1=" " ind2=" " tag="580"><subfield code="a">Merged with: Harwood Heights news, to form: Norridge Harwood Heights news.</subfield></datafield><datafield ind1=" " ind2=" " tag="588"><subfield code="a">Latest issue consulted: June 27/28, 1990.</subfield></datafield><datafield ind1=" " ind2="0" tag="651"><subfield code="a">Norridge (Ill.)</subfield><subfield code="v">Newspapers.</subfield></datafield><datafield ind1=" " ind2="7" tag="651"><subfield code="a">Illinois</subfield><subfield code="z">Norridge.</subfield><subfield code="2">fast</subfield><subfield code="0">(OCoLC)fst01232876</subfield></datafield><datafield ind1=" " ind2="7" tag="655"><subfield code="a">Newspapers.</subfield><subfield code="2">fast</subfield><subfield code="0">(OCoLC)fst01423814</subfield></datafield><datafield ind1=" " ind2=" " tag="752"><subfield code="a">United States</subfield><subfield code="b">Illinois</subfield><subfield code="c">Cook</subfield><subfield code="d">Wilmette.</subfield></datafield><datafield ind1="0" ind2="0" tag="780"><subfield code="t">Citizen (Chicago, Ill. : 1952)</subfield><subfield code="x">0193-3256</subfield><subfield code="w">(DLC)sn 79005124</subfield><subfield code="w">(OCoLC)5157789</subfield></datafield><datafield ind1="1" ind2="7" tag="785"><subfield code="t">Harwood Heights news</subfield><subfield code="w">(DLC)sn 88008127</subfield><subfield code="w">(OCoLC)18666269</subfield></datafield><datafield ind1="1" ind2="7" tag="785"><subfield code="t">Norridge Harwood Heights news</subfield><subfield code="x">1054-7932</subfield><subfield code="w">(DLC)sn 91003339</subfield><subfield code="w">(OCoLC)22971662</subfield></datafield></record>